@article{gerich1986design,
  title={The design, construction, and testing of the vacuum vessel for the tandem Mirror Fusion Test Facility},
  author={Gerich, Jerry W},
  journal={Journal of Vacuum Science \& Technology A: Vacuum, Surfaces, and Films},
  volume={4},
  number={3},
  pages={1742--1748},
  year={1986},
  publisher={American Vacuum Society}
}

@article{gordon1986mirror,
  title={Mirror advanced reactor study engineering overview},
  author={Gordon, James D},
  journal={Nuclear Engineering and Design. Fusion},
  volume={3},
  number={2},
  pages={119--150},
  year={1986},
  publisher={Elsevier}
}

%COMPARISON

@article{xiao2021stochastic,
  title={A stochastic kinetic scheme for multi-scale plasma transport with uncertainty quantification},
  author={Xiao, Tianbai and Frank, Martin},
  journal={Journal of Computational Physics},
  volume={432},
  pages={110139},
  year={2021},
  publisher={Elsevier}
}

@article{artsimovich1972tokamak,
  title={Tokamak devices},
  author={Artsimovich, LA},
  journal={Nuclear Fusion},
  volume={12},
  number={2},
  pages={215},
  year={1972},
  publisher={IOP Publishing}
}

@article{mirnov2018tokamak,
  title={Tokamak evolution and view to future},
  author={Mirnov, SV},
  journal={Nuclear Fusion},
  volume={59},
  number={1},
  pages={015001},
  year={2018},
  publisher={IOP Publishing}
}

@article{spitzer1958stellarator,
  title={The stellarator concept},
  author={Spitzer Jr, Lyman},
  journal={The Physics of Fluids},
  volume={1},
  number={4},
  pages={253--264},
  year={1958},
  publisher={American Institute of Physics}
}

@article{klinger2019overview,
  title={Overview of first Wendelstein 7-X high-performance operation},
  author={Klinger, Thomas and Andreeva, T and Bozhenkov, Sergey and Brandt, C and Burhenn, R and Buttensch{\"o}n, Birger and Fuchert, G and Geiger, B and Grulke, O and Laqua, HP and others},
  journal={Nuclear Fusion},
  volume={59},
  number={11},
  pages={112004},
  year={2019},
  publisher={IOP Publishing}
}

@article{jarboe1994review,
  title={Review of spheromak research},
  author={Jarboe, Thomas R},
  journal={Plasma Physics and Controlled Fusion},
  volume={36},
  number={6},
  pages={945},
  year={1994},
  publisher={IOP Publishing}
}

@article{bodin1980reversed,
  title={Reversed-field-pinch research},
  author={Bodin, HAB and Newton, AA},
  journal={Nuclear fusion},
  volume={20},
  number={10},
  pages={1255},
  year={1980},
  publisher={IOP Publishing}
}

@article{jarboe1994review,
  title={Review of spheromak research},
  author={Jarboe, Thomas R},
  journal={Plasma Physics and Controlled Fusion},
  volume={36},
  number={6},
  pages={945},
  year={1994},
  publisher={IOP Publishing}
}

@article{miley2014inertial,
  title={Inertial electrostatic confinement (IEC) fusion},
  author={Miley, George H and Murali, S Krupakar},
  journal={Fundamentals and Applications},
  year={2014},
  publisher={Springer}
}

@article{jha2020incomplete,
  title={Incomplete fusion reactions using strongly and weakly bound projectiles},
  author={Jha, V and Parkar, VV and Kailas, S},
  journal={Physics Reports},
  volume={845},
  pages={1--58},
  year={2020},
  publisher={Elsevier}
}

@article{miller2004national,
  title={The National Ignition Facility: enabling fusion ignition for the 21st century},
  author={Miller, George H and Moses, Edward I and Wuest, Craig R},
  journal={Nuclear fusion},
  volume={44},
  number={12},
  pages={S228},
  year={2004},
  publisher={IOP Publishing}
}

@article{bodner1998direct,
  title={Direct-drive laser fusion: Status and prospects},
  author={Bodner, Stephen E and Colombant, Denis G and Gardner, John H and Lehmberg, Robert H and Obenschain, Stephen P and Phillips, Lee and Schmitt, Andrew J and Sethian, John D and McCrory, Robert L and Seka, Wolf and others},
  journal={Physics of Plasmas},
  volume={5},
  number={5},
  pages={1901--1918},
  year={1998},
  publisher={American Institute of Physics}
}

@article{soures1996direct,
  title={Direct-drive laser-fusion experiments with the OMEGA, 60-beam,> 40 kJ, ultraviolet laser system},
  author={Soures, JM and McCrory, RL and Verdon, CP and Babushkin, A and Bahr, RE and Boehly, TR and Boni, R and Bradley, DK and Brown, DL and Craxton, RS and others},
  journal={Physics of Plasmas},
  volume={3},
  number={5},
  pages={2108--2112},
  year={1996},
  publisher={American Institute of Physics}
}


@article{shumlak2020z,
  title={Z-pinch fusion},
  author={Shumlak, Uri},
  journal={Journal of Applied Physics},
  volume={127},
  number={20},
  year={2020},
  publisher={AIP Publishing}
}

@article{shumlak2001evidence,
  title={Evidence of stabilization in the Z-pinch},
  author={Shumlak, U and Golingo, RP and Nelson, BA and Den Hartog, DJ},
  journal={Physical review letters},
  volume={87},
  number={20},
  pages={205005},
  year={2001},
  publisher={APS}
}

@article{zhang2019sustained,
  title={Sustained neutron production from a sheared-flow stabilized Z pinch},
  author={Zhang, Yue and Shumlak, U and Nelson, BA and Golingo, RP and Weber, TR and Stepanov, AD and Claveau, EL and Forbes, EG and Draper, ZT and Mitrani, JM and others},
  journal={Physical review letters},
  volume={122},
  number={13},
  pages={135001},
  year={2019},
  publisher={APS}
}

%INTERNATIONAL COLAB



%ENVIRONMENTAL

@article{rytov1992environmental,
  title={Environmental aspects of fusion energy},
  author={Rytov, DD},
  journal={Plasma Physics and Controlled Fusion},
  volume={34},
  number={13},
  pages={1805},
  year={1992},
  publisher={IOP Publishing}
}

@article{entler2018approximation,
  title={Approximation of the economy of fusion energy},
  author={Entler, Slavomir and Horacek, Jan and Dlouhy, Tomas and Dostal, Vaclav},
  journal={Energy},
  volume={152},
  pages={489--497},
  year={2018},
  publisher={Elsevier}
}

@article{banacloche2020socioeconomic,
  title={Socioeconomic and environmental impacts of bringing the sun to earth: A sustainability analysis of a fusion power plant deployment},
  author={Banacloche, Santacruz and Gamarra, Ana R and Lechon, Yolanda and Bustreo, Chiara},
  journal={Energy},
  volume={209},
  pages={118460},
  year={2020},
  publisher={Elsevier}
}


@article{cabal2017fusion,
  title={Fusion power in a future low carbon global electricity system},
  author={Cabal, Helena and Lech{\'o}n, Y and Bustreo, C and Gracceva, F and Biberacher, M and Ward, D and Dongiovanni, D and Grohnheit, Poul Erik},
  journal={Energy Strategy Reviews},
  volume={15},
  pages={1--8},
  year={2017},
  publisher={Elsevier}
}

@article{bradshaw2011nuclear,
  title={Is nuclear fusion a sustainable energy form?},
  author={Bradshaw, Alexander Marian and Hamacher, Thomas and Fischer, Ulrich},
  journal={Fusion Engineering and Design},
  volume={86},
  number={9-11},
  pages={2770--2773},
  year={2011},
  publisher={Elsevier}
}

@article{fiore2006nuclear,
  title={Nuclear energy and sustainability: Understanding ITER},
  author={Fiore, Karine},
  journal={Energy policy},
  volume={34},
  number={17},
  pages={3334--3341},
  year={2006},
  publisher={Elsevier}
}

@article{christy2021potential,
  title={Potential of Nuclear Fusion Energy Source for a sustainable future},
  author={Christy, Nirupa Paulette and Tammisetti, Vasu},
  year={2021}
}

@article{hirsch1974nuclear,
  title={Nuclear fusion power and the environment},
  author={Hirsch, Robert L and Rice, William LR},
  journal={Environmental Conservation},
  volume={1},
  number={4},
  pages={251--262},
  year={1974},
  publisher={Cambridge University Press}
}

@article{atkinson1989environmental,
  title={The environmental impact of fusion power},
  author={Atkinson, Adrian},
  journal={Energy policy},
  volume={17},
  number={3},
  pages={277--283},
  year={1989},
  publisher={Elsevier}
}

@article{tokimatsu2003role,
  title={Role of nuclear fusion in future energy systems and the environment under future uncertainties},
  author={Tokimatsu, Koji and Fujino, Junâ€™ichi and Konishi, Satoshi and Ogawa, Yuichi and Yamaji, Kenji},
  journal={Energy Policy},
  volume={31},
  number={8},
  pages={775--797},
  year={2003},
  publisher={Elsevier}
}

@article{wu2016summary,
  title={Summary of the 1st international workshop on environmental, safety and economic aspects of fusion power},
  author={Wu, Y and Stevens, E and Kim, K and Maisonnier, D and Kalashnikov, A and Tobita, K and Jackson, D and Alejaldre, C and Perrault, D and Panayotov, D and others},
  journal={Nuclear Fusion},
  volume={56},
  number={12},
  pages={127001},
  year={2016},
  publisher={IOP Publishing}
}

@article{adelerhof2014clean,
  title={Clean and sustainable fusion energy for the future},
  author={Adelerhof, Jordan and Thoopal, Mani Bhushan and Lee, Daniel and Hardy, Cameron},
  journal={PAM Review Energy Science \& Technology},
  volume={1},
  pages={20--42},
  year={2014}
}

@article{ccakar2022nuclear,
  title={Nuclear energy consumption, nuclear fusion reactors and environmental quality: The case of G7 countries},
  author={{\c{C}}akar, Nigar Demircan and Erdo{\u{g}}an, Seyfettin and Gedikli, Ayfer and {\"O}nc{\"u}, Mehmet Akif},
  journal={Nuclear Engineering and Technology},
  volume={54},
  number={4},
  pages={1301--1311},
  year={2022},
  publisher={Elsevier}
}

@article{gi2020potential,
  title={Potential contribution of fusion power generation to low-carbon development under the Paris Agreement and associated uncertainties},
  author={Gi, Keii and Sano, Fuminori and Akimoto, Keigo and Hiwatari, Ryoji and Tobita, Kenji},
  journal={Energy Strategy Reviews},
  volume={27},
  pages={100432},
  year={2020},
  publisher={Elsevier}
}

@article{vera2023environmental,
  title={Environmental impact of direct lithium extraction from brines},
  author={Vera, Mar{\'\i}a L and Torres, Walter R and Galli, Claudia I and Chagnes, Alexandre and Flexer, Victoria},
  journal={Nature Reviews Earth \& Environment},
  volume={4},
  number={3},
  pages={149--165},
  year={2023},
  publisher={Nature Publishing Group UK London}
}

@article{agusdinata2018socio,
  title={Socio-environmental impacts of lithium mineral extraction: towards a research agenda},
  author={Agusdinata, Datu Buyung and Liu, Wenjuan and Eakin, Hallie and Romero, Hugo},
  journal={Environmental Research Letters},
  volume={13},
  number={12},
  pages={123001},
  year={2018},
  publisher={IOP Publishing}
}

@article{stamp2012environmental,
  title={Environmental impacts of a transition toward e-mobility: the present and future role of lithium carbonate production},
  author={Stamp, Anna and Lang, Daniel J and W{\"a}ger, Patrick A},
  journal={Journal of Cleaner Production},
  volume={23},
  number={1},
  pages={104--112},
  year={2012},
  publisher={Elsevier}
}

@article{moslang2005towards,
  title={Towards reduced activation structural materials data for fusion DEMO reactors},
  author={M{\"o}slang, A and Diegele, E and Klimiankou, M and L{\"a}sser, R and Lindau, R and Lucon, E and Materna-Morris, E and Petersen, C and Pippan, Reinhard and Rensman, JW and others},
  journal={Nuclear fusion},
  volume={45},
  number={7},
  pages={649},
  year={2005},
  publisher={IOP Publishing}
}

@article{fletcher2010environmental,
  title={When environmental issues collide: Climate change and the shifting political ecology of hydroelectric power},
  author={Fletcher, Robert},
  journal={Peace and Conflict Review},
  volume={5},
  number={1},
  pages={14--30},
  year={2010}
}

%INVESTMENT








%INTERNATIONAL COLLABORATION

@misc{europaEURLex32021R0821,
	author = {},
	title = {Regulation (EU) 2021/821 of the European Parliament and of the Council of 20 May 2021 setting up a Union regime for the control of exports, brokering, technical assistance, transit and transfer of dual-use items (recast)},
	howpublished = {\url{https://eur-lex.europa.eu/eli/reg/2021/821/oj}},
	year = {2021},
	
}

@misc{ecfrFederalRegister,
	author = {},
	title = {ITAR Part 121 - The United States Munitions List},
	howpublished = {\url{https://www.ecfr.gov/current/title-22/chapter-I/subchapter-M/part-121}},
	year = {1993},
}

@misc{docExportAdministration,
	title = {Export Administration Regulations},
	howpublished = {\url{https://www.bis.doc.gov/index.php/regulations/export-administration-regulations-ear}},
	year = {2023},
}

@misc{eu_common_military_list,
  title = {{Common Military List of the European Union}},
  author = {{Council of the European Union}},
  year = {2023},
  url = {https://data.consilium.europa.eu/doc/document/ST-7756-2023-INIT/en/pdf},
}