@article{gerich1986design,
  title={The design, construction, and testing of the vacuum vessel for the tandem Mirror Fusion Test Facility},
  author={Gerich, Jerry W},
  journal={Journal of Vacuum Science \& Technology A: Vacuum, Surfaces, and Films},
  volume={4},
  number={3},
  pages={1742--1748},
  year={1986},
  publisher={American Vacuum Society}
}

@article{gordon1986mirror,
  title={Mirror advanced reactor study engineering overview},
  author={Gordon, James D},
  journal={Nuclear Engineering and Design. Fusion},
  volume={3},
  number={2},
  pages={119--150},
  year={1986},
  publisher={Elsevier}
}

%targets
@techreport{miles2008life,
  title={LIFE Target Fabrication Research Plan Sept 2008},
  author={Miles, R and Biener, J and Kucheyev, S and Montesanti, R and Satcher, J and Spadaccini, C and Rose, K and Wang, M and Hamza, A and Alexander, N and others},
  year={2008},
  institution={Lawrence Livermore National Lab.(LLNL), Livermore, CA (United States)}
}

@article{lal2022towards,
  title={Towards standardized nuclear reactors: Seismic isolation and the cost impact of the earthquake load case},
  author={Lal, Kaivalya M and Parsi, Sai Sharath and Kosbab, Benjamin D and Ingersoll, Eric D and Charkas, Hasan and Whittaker, Andrew S},
  journal={Nuclear Engineering and Design},
  volume={386},
  pages={111487},
  year={2022},
  publisher={Elsevier}
}